@article{saletan,
    title={An Overview of RISC Architecture},
    author={Samuel O. Aletan},
    journal={SAC '92: Proceedings of the 1992 ACM/SIGAPP Symposium on Applied computing: technological challenges of the 1990's},
    month={4},
    year={1992}
}
@article{formreqvirt,
    title={Formal Requirements for Virtualizable Third Generation Architectures},
    author={Gerald J. Popek, Robert P. Goldberg},
    journal={Communications of ACM},
    month={7},
    year={1974},
    url={https://dl.acm.org/doi/10.1145/361011.361073}
}